@article{kingma2013auto,
	title={Auto-encoding variational bayes},
	author={Kingma, Diederik P and Welling, Max},
	journal={arXiv preprint arXiv:1312.6114},
	year={2013}
}

@article{hochreiter1997long,
	title={Long short-term memory},
	author={Hochreiter, Sepp and Schmidhuber, J{\"u}rgen},
	journal={Neural computation},
	volume={9},
	number={8},
	pages={1735--1780},
	year={1997},
	publisher={MIT Press}
}

@article{jin2017towards,
  title={Towards the Automatic Anime Characters Creation with Generative Adversarial Networks},
  author={Jin, Yanghua and Zhang, Jiakai and Li, Minjun and Tian, Yingtao and Zhu, Huachun and Fang, Zhihao},
  journal={arXiv preprint arXiv:1708.05509},
  year={2017}
}

@inproceedings{goodfellow2014generative,
  title={Generative adversarial nets},
  author={Goodfellow, Ian and Pouget-Abadie, Jean and Mirza, Mehdi and Xu, Bing and Warde-Farley, David and Ozair, Sherjil and Courville, Aaron and Bengio, Yoshua},
  booktitle={Advances in neural information processing systems},
  pages={2672--2680},
  year={2014}
}

@article{radford2015unsupervised,
  title={Unsupervised representation learning with deep convolutional generative adversarial networks},
  author={Radford, Alec and Metz, Luke and Chintala, Soumith},
  journal={arXiv preprint arXiv:1511.06434},
  year={2015}
}

@article{karras2017progressive,
  title={Progressive growing of gans for improved quality, stability, and variation},
  author={Karras, Tero and Aila, Timo and Laine, Samuli and Lehtinen, Jaakko},
  journal={arXiv preprint arXiv:1710.10196},
  year={2017}
}

@article{poon2017plasma,
  title={Plasma: Scalable autonomous smart contracts},
  author={Poon, Joseph and Buterin, Vitalik},
  journal={White paper},
  year={2017}
}

@misc{cryptomons,
  title={CRYPTOMONS:
Collect. 
Combat. 
Trade.
Digital collectible card game on the ethereum blockchain},
  howpublished="\url{https://cryptomons.com/#/}"
}

@misc{fishbank,
  title={Fishbank - blockchain game based on Ethereum smart contracts - grow, fight and trade crypto fish in deep blue decentralized ocean},
  howpublished={\url{
  https://fishbank.io/whitepaper/FISHBANK-V1.pdf
  }}
}

@misc{cryptokitties,
  title={
  CryptoKitties: Collectible and Breedable Cats Empowered by Blockchain Technology.
WHITE PA-PURR.
  },
  howpublished={\url{
  https://drive.google.com/file/d/1soo-eAaJHzhw_XhFGMJp3VNcQoM43byS/view
  }}
}

@misc{cryptocountries,
  title={
  CryptoCountries - World Domination on the Ethereum Blockchain
  },
  howpublished={\url{
  https://cryptocountries.io/
  }}
}

@misc{cryptopets,
  title={
  CryptoPets | Digital Characters Across Infinite Virtual Worlds
  },
  howpublished={\url{
  https://www.cryptopets.co/
  }}
}

@misc{etheremon,
  title={
  Etheremon - Decentralized World of Ether Monsters
  },
  howpublished={\url{
  https://www.etheremon.com/#/
  }}
}

@misc{etherwaifu,
  title={
  Etherwaifu - Artwork Trading Game on the Ethereum Blockchain
  },
  howpublished={\url{
  https://etherwaifu.com/
  }}
}

@misc{cryptoarts,
  title={
  CryptoArts: TradeArtwork Tokens on the Blockchain
  },
  howpublished={\url{
  https://www.cryptoarts.co/gallery
  }}
}

@misc{cryptolandmarks,
  title={
CryptoLandmarks - Digital collectible on the Ethereum Blockchain
},
  howpublished={\url{
  https://cryptolandmarks.co/
  }}
}

@misc{cryptofighters,
  title={
  CryptoFighters | Collect, battle, trade!
  },
  howpublished={\url{
  https://cryptofighters.io/
  }}
}

